@misc{smith2017dynamic,
  title={Dynamic sensitivity control for wireless devices},
  author={Smith, Graham Kenneth},
  year={2017},
  month=mar # "~14",
  publisher={Google Patents},
  note={US Patent 9,596,702}
}

@article{csr,
	title={{11-18-1926-02-0eht-terminology-for-ap-coordination}},
	author={{Jason Yuchen Guo, Guogang Huang, Ross Jian Yu \& Peter Loc}},
	year={2019}
}

@article{barrachina2019dynamic,
	title={Dynamic channel bonding in spatially distributed high-density WLANs},
	author={Barrachina-Mu{\~n}oz, Sergio and Wilhelmi, Francesc and Bellalta, Boris},
	journal={IEEE Transactions on Mobile Computing},
	volume={19},
	number={4},
	pages={821--835},
	year={2019},
	publisher={IEEE}
}

@article{maghsudi2015channel,
	title={Channel selection for network-assisted D2D communication via no-regret bandit learning with calibrated forecasting},
	author={Maghsudi, Setareh and Stanczak, Slawomir},
	journal={IEEE Transactions on Wireless Communications},
	volume={14},
	number={3},
	pages={1309--1322},
	year={2015},
	publisher={IEEE}
}

@article{zhao2020non,
	title={A non-stationary bandit strategy for rate adaptation with delayed feedback},
	author={Zhao, Yapeng and Qian, Hua and Kang, Kai and Jin, Yanliang},
	journal={IEEE Access},
	year={2020},
	publisher={IEEE}
}

@article{y3172,
	title={{ITU-T Y.3172 Recommendation “Architectural framework for machine learning in future networks including IMT-2020”}},
	author={{ITU-T}},
	year={2019}
}

@article{bianchi2000performance,
	title={Performance analysis of the IEEE 802.11 distributed coordination function},
	author={Bianchi, Giuseppe},
	journal={IEEE Journal on selected areas in communications},
	volume={18},
	number={3},
	pages={535--547},
	year={2000},
	publisher={IEEE}
}

@inproceedings{selinis2018control,
	title="{Control OBSS/PD Sensitivity Threshold for IEEE 802.11 ax BSS Color}",
	author="Selinis, Ioannis and Katsaros, Konstantinos and Vahid, Seiamak and Tafazolli, Rahim",
	booktitle="2018 IEEE 29th Annual International Symposium on Personal, Indoor and Mobile Radio Communications (PIMRC)",
	pages="1--7",
	year="2018",
	organization="IEEE"
}

@inproceedings{ropitault2018evaluation,
	title={Evaluation of RTOT algorithm: A first implementation of OBSS\_PD-based SR method for IEEE 802.11 ax},
	author={Ropitault, Tanguy},
	booktitle={2018 15th IEEE Annual Consumer Communications \& Networking Conference (CCNC)},
	pages={1--7},
	year={2018},
	organization={IEEE}
}

@article{anandkumar2011distributed,
	title={Distributed algorithms for learning and cognitive medium access with logarithmic regret},
	author={Anandkumar, Animashree and Michael, Nithin and Tang, Ao Kevin and Swami, Ananthram},
	journal={IEEE Journal on Selected Areas in Communications},
	volume={29},
	number={4},
	pages={731--745},
	year={2011},
	publisher={IEEE}
}

@article{barrachina2019dynamic,
	title={Dynamic channel bonding in spatially distributed high-density WLANs},
	author={Barrachina-Mu{\~n}oz, Sergio and Wilhelmi, Francesc and Bellalta, Boris},
	journal={IEEE Transactions on Mobile Computing},
	volume={19},
	number={4},
	pages={821--835},
	year={2019},
	publisher={IEEE}
}

@inproceedings{cano2018wireless,
	title={Wireless Optimisation via Convex Bandits: Unlicensed LTE/WiFi Coexistence},
	author={Cano, Cristina and Neu, Gergely},
	booktitle={Proceedings of the 2018 Workshop on Network Meets AI \& ML},
	pages={41--47},
	year={2018}
}

@article{,
	title={A non-stationary bandit strategy for rate adaptation with delayed feedback},
	author={Zhao, Yapeng and Qian, Hua and Kang, Kai and Jin, Yanliang},
	journal={IEEE Access},
	year={2020},
	publisher={IEEE}
}

@article{combes2014dynamic,
	title={Dynamic rate and channel selection in cognitive radio systems},
	author={Combes, Richard and Proutiere, Alexandre},
	journal={IEEE Journal on Selected Areas in Communications},
	volume={33},
	number={5},
	pages={910--921},
	year={2014},
	publisher={IEEE}
}

@article{maghsudi2017distributed,
	title={Distributed user association in energy harvesting dense small cell networks: A mean-field multi-armed bandit approach},
	author={Maghsudi, Setareh and Hossain, Ekram},
	journal={IEEE Access},
	volume={5},
	pages={3513--3523},
	year={2017},
	publisher={IEEE}
}

@article{carrascosa2020multi,
	title={Multi-Armed Bandits for Decentralized AP selection in Enterprise WLANs},
	author={Carrascosa, Marc and Bellalta, Boris},
	journal={arXiv preprint arXiv:2001.00392},
	year={2020}
}

@article{maghsudi2014joint,
	title={Joint channel selection and power control in infrastructureless wireless networks: A multiplayer multiarmed bandit framework},
	author={Maghsudi, Setareh and Sta{\'n}czak, S{\l}awomir},
	journal={IEEE Transactions on Vehicular Technology},
	volume={64},
	number={10},
	pages={4565--4578},
	year={2014},
	publisher={IEEE}
}

@inproceedings{coucheney2015multi,
	title={Multi-armed bandit for distributed inter-cell interference coordination},
	author={Coucheney, Pierre and Khawam, Kinda and Cohen, Johanne},
	booktitle={2015 IEEE International Conference on Communications (ICC)},
	pages={3323--3328},
	year={2015},
	organization={IEEE}
}

@inproceedings{daher2017cognitive,
	title={Cognitive management of self-organized radio networks based on multi armed bandit},
	author={Daher, Tony and Jemaa, Sana Ben and Decreusefond, Laurent},
	booktitle={2017 IEEE 28th Annual International Symposium on Personal, Indoor, and Mobile Radio Communications (PIMRC)},
	pages={1--5},
	year={2017},
	organization={IEEE}
}

@article{li2011achieving,
	title="{Achieving proportional fairness via AP power control in multi-rate WLANs}",
	author="Li, Wei and Cui, Yong and Cheng, Xiuzhen and Al-Rodhaan, Mznah A and Al-Dhelaan, Abdullah",
	journal="IEEE Transactions on Wireless Communications",
	volume="10",
	number="11",
	pages="3784--3792",
	year="2011",
	publisher="IEEE"
}

@article{jamil2016novel,
	title="{Novel learning-based spatial reuse optimization in dense WLAN deployments}",
	author="Jamil, Imad and Cariou, Laurent and H{\'e}lard, Jean-Fran"\c"c"ois",
	journal="EURASIP Journal on Wireless Communications and Networking",
	volume="2016",
	number="1",
	pages="184",
	year="2016",
	publisher="SpringerOpen"
}

@inproceedings{nakahira2014centralized,
	title="{Centralized control of carrier sense threshold and channel bandwidth in high-density WLANs}",
	author="{Nakahira, Toshiro and Ishihara, Koichi and Asai, Yusuke and Takatori, Yasushi and Kudo, Riichi and Mizoguchi, Masato}",
	booktitle="{Microwave Conference (APMC), 2014 Asia-Pacific}",
	pages="{570--572}",
	year="{2014}",
	organization="{IEEE}"
}

@article{chevillat2005dynamic,
	title="{Dynamic data rate and transmit power adjustment in IEEE 802.11 wireless LANs}",
	author="{Chevillat, Pierre and Jelitto, Jens and Truong, Hong Linh}",
	journal="{International Journal of Wireless Information Networks}",
	volume="{12}",
	number="{3}",
	pages="{123--145}",
	year="{2005}",
	publisher="{Springer}"
}

@inproceedings{tang2011improving,
	title="{Improving throughput of wireless LANs with transmit power control and slotted channel access}",
	author="Tang, Suhua and Hasegawa, Akio and Nagareda, Riichiro and Kitaura, Akito and Shibata, Tatsuo and Obana, Sadao",
	booktitle="Personal Indoor and Mobile Radio Communications (PIMRC), 2011 IEEE 22nd International Symposium on",
	pages="834--838",
	year="2011",
	organization="IEEE"
}

@article{zhu2008optimal,
	title="{On optimal QoS-aware physical carrier sensing for IEEE 802.11 based WLANs: Theoretical analysis and protocol design}",
	author={Zhu, Yanfeng and Zhang, Qian and Niu, Zhisheng and Zhu, Jing},
	journal={IEEE transactions on wireless communications},
	volume={7},
	number={4},
	pages={1369--1378},
	year={2008},
	publisher={IEEE}
}

@inproceedings{yamamoto2017analysis,
	title={Analysis of inversely proportional carrier sense threshold and transmission power setting},
	author={Yamamoto, Koji and Yang, Xuedan and Nishio, Takayuki and Morikura, Masahiro and Abeysekera, Hirantha},
	booktitle={2017 14th IEEE Annual Consumer Communications \& Networking Conference (CCNC)},
	pages={13--18},
	year={2017},
	organization={IEEE}
}

@inproceedings{iwata2019analysis,
	title={Analysis of Inversely Proportional Carrier Sense Threshold and Transmission Power Setting Based on Received Power for IEEE 802.11 ax},
	author={Iwata, Motoki and Yamamoto, Koji and Yin, Bo and Nishio, Takayuki and Morikura, Masahiro and Abeysekera, Hirantha},
	booktitle={2019 16th IEEE Annual Consumer Communications \& Networking Conference (CCNC)},
	pages={1--6},
	year={2019},
	organization={IEEE}
}

@inproceedings{afifi2016throughput,
	title={Throughput-fairness tradeoff evaluation for next-generation WLANs with adaptive clear channel assessment},
	author={Afifi, Wessam and Rantala, Enrico-Henrik and Tuomaala, Esa and Choudhury, Sayantan and Krunz, Marwan},
	booktitle={2016 IEEE International Conference on Communications (ICC)},
	pages={1--6},
	year={2016},
	organization={IEEE}
}

@inproceedings{jamil2014improving,
	title={Improving the capacity of future IEEE 802.11 high efficiency WLANs},
	author={Jamil, Imad and Cariou, Laurent and Helard, Jean-Francois},
	booktitle={2014 21st International Conference on Telecommunications (ICT)},
	pages={303--307},
	year={2014},
	organization={IEEE}
}

@inproceedings{murakami2015improving,
	title={Improving the spatial reuse of IEEE 802.11 WLAN by adaptive carrier sense threshold of access points based on node positions},
	author={Murakami, Kodai and Ito, Tatsuya and Ishihara, Susumu},
	booktitle={2015 Eighth International Conference on Mobile Computing and Ubiquitous Networking (ICMU)},
	pages={132--137},
	year={2015},
	organization={IEEE}
}

@inproceedings{oni2015ap,
	title={AP association optimization and CCA threshold adjustment in dense WLANs},
	author={Oni, Phillip B and Blostein, Steven D},
	booktitle={2015 IEEE Globecom Workshops (GC Wkshps)},
	pages={1--6},
	year={2015},
	organization={IEEE}
}

@inproceedings{jamil2015preserving,
	title={Preserving fairness in super dense WLANs},
	author={Jamil, Imad and Cariou, Laurent and Helard, Jean-Francois},
	booktitle={2015 IEEE International Conference on Communication Workshop (ICCW)},
	pages={2276--2281},
	year={2015},
	organization={IEEE}
}

@inproceedings{mhatre2007interference,
	title={Interference mitigation through power control in high density 802.11 WLANs},
	author={Mhatre, Vivek P and Papagiannaki, Konstantina and Baccelli, Francois},
	booktitle={IEEE INFOCOM 2007-26th IEEE International Conference on Computer Communications},
	pages={535--543},
	year={2007},
	organization={IEEE}
}

@inproceedings{jamil2015efficient,
	title={Efficient MAC protocols optimization for future high density WLANS},
	author={Jamil, Imad and Cariou, Laurent and H{\'e}lard, Jean-Fran{\c{c}}ois},
	booktitle={2015 IEEE Wireless Communications and Networking Conference (WCNC)},
	pages={1054--1059},
	year={2015},
	organization={IEEE}
}

@article{tang2014joint,
	title={Joint transmit power control and rate adaptation for wireless LANs},
	author={Tang, Suhua and Yomo, Hiroyuki and Hasegawa, Akio and Shibata, Tatsuo and Ohashi, Masayoshi},
	journal={Wireless personal communications},
	volume={74},
	number={2},
	pages={469--486},
	year={2014},
	publisher={Springer}
}

@inproceedings{li2014energy,
	title={An energy-efficient power control approach for IEEE 802.11n wireless LANs},
	author={Li, Yuan and Li, Ke and Li, Wenwen and Zhang, Yan and Sheng, Min and Chu, Jianxiang},
	booktitle={2014 IEEE International Conference on Computer and Information Technology},
	pages={49--53},
	year={2014},
	organization={IEEE}
}

@article{chang2007power,
	title={Power control and fairness MAC mechanisms for 802.11 WLANs},
	author={Chang, Chih-Yung and Chang, Hsu-Ruey},
	journal={Computer communications},
	volume={30},
	number={7},
	pages={1527--1537},
	year={2007},
	publisher={Elsevier}
}

@inproceedings{guo2003spatial,
	title={Spatial reuse in wireless ad-hoc networks},
	author={Guo, Xingang and Roy, Sumit and Conner, W Steven},
	booktitle={2003 IEEE 58th Vehicular Technology Conference. VTC 2003-Fall (IEEE Cat. No. 03CH37484)},
	volume={3},
	pages={1437--1442},
	year={2003},
	organization={IEEE}
}

@inproceedings{zhao2016stochastic,
	title={On stochastic geometry analysis of dense WLAN with dynamic carrier sense threshold and rate control},
	author={Zhao, Xiaoguang and Wen, Xiangming and Lei, Tao and Lu, Zhaoming and Zhang, Biao},
	booktitle={2016 19th International Symposium on Wireless Personal Multimedia Communications (WPMC)},
	pages={211--216},
	year={2016},
	organization={IEEE}
}