@book{example1,
	author={J. Kenneth Shultis},
	year={1994},
	title={LaTeX notes : practical tips for preparing technical documents},
	publisher={PTR Prentice Hall},
	address={Englewood Cliffs, N.J.},
	pages={180},
	note={J. Kenneth Shultis; Inclou referencies bibliografiques. Index},
	keywords={Latex (Programes d'ordinador); Matematica; Processament de dades},
	isbn={0131209736}
}

