@article{3gpp2019study,
	title={{Study of Enablers for Network Automation for 5G}},
	author= {{3GPP TR 23.791 V16.2.0 (2019-06)}},
	journal={},
	year={2019}
}

@article{etsi2019architecture,
	title={{Draft Zero-touch network and Service Management (ZSM); Reference Architecture}},
	author={{ETSI GS ZSM 002 V0.13.5 (2019-07)}},
	journal={},
	year={2019}
}

@article{itu2019architecture,
	title={{Architectural framework for machine learning in future networks including IMT-2020}},
	author={{ITU-T Rec. Y.3172}},
	year={2019},
	journal={},
	publisher={ITU-T}
}

@article{itu2019use,
	title={{Machine learning in future networks including IMT-2020: use cases}},
	author={{ITU-T Supp. Y.Supp55}},
	year={2019},
	journal={},
	publisher={}
}

@article{itu2019data,
	title={{Framework for data handling to enable machine learning in future networks including IMT-2020}},
	author={{ITU-T Rec. Y.3174}},
	year={2019},
	journal={},
	publisher={}
}

@inproceedings{barrachina2019komondor,
	title={{Komondor: a Wireless Network Simulator for Next-Generation High-Density WLANs}},
	author={{Sergio Barrachina-Mu{\~n}oz \textit{et al.}}},
	booktitle={Wireless Days},
	pages={1--8},
	year={2019},
	organization={IEEE}
}

@article{mitchell1997machine,
	title={{Machine learning}},
	author={{Mitchell, Tom M and others}},
	journal={Burr Ridge, IL: McGraw Hill},
	volume={45},
	number={37},
	pages={870--877},
	year={1997}
}

@article{jiang2016machine,
	title={{Machine learning paradigms for next-generation wireless networks}},
	author={{Chunxiao Jiang \textit{et al.}}},
	journal={IEEE Wireless Comm.},
	volume={24},
	number={2},
	pages={98--105},
	year={2016},
	publisher={IEEE}
}

@article{yau2012reinforcement,
	title={{Reinforcement learning for context awareness and intelligence in wireless networks: Review, new features and open issues}},
	author={{Yau, Kok-Lim Alvin and Komisarczuk, Peter and Teal, Paul D}},
	journal={JNCA},
	volume={35},
	number={1},
	pages={253--267},
	year={2012},
	publisher={Elsevier}
}

@article{zhang2019deep,
	title={{Deep learning in mobile and wireless networking: A survey}},
	author={{Zhang, Chaoyun and Patras, Paul and Haddadi, Hamed}},
	journal={IEEE Comm. Surveys \& Tutorials},
	volume={21},
	number={3},
	pages={2224--2287},
	year={2019},
	publisher={IEEE}
}

@article{usama2019unsupervised,
	title={{Unsupervised machine learning for networking: Techniques, applications and research challenges}},
	author={{Muhammad Usama \textit{et al.}}},
	journal={IEEE Access},
	volume={7},
	pages={65579--65615},
	year={2019},
	publisher={IEEE}
}

@article{chih2017big,
	title={{The Big-Data-Driven Intelligent Wireless Network: Architecture, Use Cases, Solutions, and Future Trends}},
	author={{I Chih-Lin \textit{et al.}}},
	journal={IEEE Vehic. Tech. Magazine},
	volume={12},
	number={4},
	pages={20--29},
	year={2017},
	publisher={IEEE}
}

@article{wang2018machine,
	title={{Machine learning for networking: Workflow, advances and opportunities}},
	author={{Mowei Wang \textit{et al.}}},
	journal={IEEE Network},
	volume={32},
	number={2},
	pages={92--99},
	year={2018},
	publisher={IEEE}
}

@article{han2017big,
	title={{Big data enabled mobile network design for 5g and beyond}},
	author={{Shuangfeng Han\textit{ et al.}}},
	journal={IEEE Comm. Magazine},
	volume={55},
	number={9},
	pages={150--157},
	year={2017},
	publisher={IEEE}
}

@article{bi2015wireless,
	title={{Wireless communications in the era of big data}},
	author={{Suzhi Bi \textit{et al.}}},
	journal={IEEE Comm. Magazine},
	volume={53},
	number={10},
	pages={190--199},
	year={2015},
	publisher={IEEE}
}

@article{he2016big,
	title={{Big data analytics in mobile cellular networks}},
	author={{Ying He \textit{et al.}}},
	journal={IEEE Access},
	volume={4},
	pages={1985--1996},
	year={2016},
	publisher={IEEE}
}

@article{osseiran2014scenarios,
	title={{Scenarios for 5G mobile and wireless communications: the vision of the METIS project}},
	author={{Afif Osseiran \textit{et al.}}},
	journal={IEEE Comm. Magazine},
	volume={52},
	number={5},
	pages={26--35},
	year={2014},
	publisher={IEEE}
}

@inproceedings{lin2017deep,
	title={{Deep Gradient Compression: Reducing the Communication Bandwidth for Distributed Training}},
	author={{Yujun Lin \textit{et al.}}},
	booktitle={ICLR},
	year={2018; \url{{https://openreview.net/forum?id=SkhQHMW0W}}},
	note= {accessed on Jan. 31, 2020}
}